%% This BibTeX bibliography file was created using BibDesk.
%% http://bibdesk.sourceforge.net/


%% Created for Yunjoo Park at 2015-10-24


%% Saved with string encoding Unicode (UTF-8) 

@ONLINE{crust-algorithm,
	title = {The Crust Algorithm for 3D Surface Reconstruction from Scattered Points},
	Author = {MIT Geometry center},
	url = {http://web.mit.edu/manoli/crust/www/crust.html}
}

@inproceedings{crust-algorithm-nina,
	Author = {Nina Amenta},
	title = {The Crust Algorithm for 3D Surface Reconstruction},
	Year = {1999}
}

@ONLINE{qhull-library,
	title = {Qhull},
	Author = {UIUC Geometry Center}
	url = {http://www.qhull.org/}
}

@inproceedings{abk-anvra-98,
	Author = {N. Amenta and M.Bern and M. Kamvysselis},
	Booktitle = {SIGGRAPH, Orlando, FL},
	Date-Added = {2010-10-21 13:23:08 -0400},
	Date-Modified = {2010-10-21 13:23:08 -0400},
	Title = {A new voronoi-based reconstruction algorithm},
	Year = 1998}
